@article{bretz2005,
  title={Combining multiple comparisons and modeling techniques in dose-response studies},
  author={Bretz, Frank and Pinheiro, Jos{\'e} C and Branson, Michael},
  journal={Biometrics},
  volume={61},
  number={3},
  pages={738--748},
  year={2005},
  doi = {10.1111/j.1541-0420.2005.00344.x},
  publisher={Wiley Online Library}
}

@Article{bays2020,
  author = 	 {Bays, Harold E and Kozlovski, Plamen and Shao, Qing and Proot, Pieter and Keefe, Deborah},
  title = 	 {Licogliflozin, a Novel SGLT1 and 2 Inhibitor: Body Weight Effects in a Randomized Trial in Adults with Overweight or Obesity},
  journaltitle = {Obesity},
  year = 	 2020,
  volume = 	 28,
  issue = 	 5,
  doi = 	 {10.1002/oby.22764},
  pages = 	 {870-881}}

@Article{bornkamp2007,
  author = {Bornkamp, Björn and Bretz, Frank and Dmitrienko, Alex and Enas, Greg and Gaydos, Brenda and Hsu, Chyi-Hung and König, Franz and Krams, Michael and Liu, Qing and Neuenschwander, Beat and Parke, Tom and Pinheiro, José and Roy, Amit and Sax, Rick and Shen, Frank},
  title = 	 {Innovative approaches for designing and analyzing adaptive dose-ranging trials},
  journaltitle = {Journal of Biopharmaceutical Statistics},
  year = 	 2007,
  volume = 	 17,
  issue = 	 6,
  doi = 	 {10.1080/10543400701643848},
  pages = 	 {965-995}}

@Article{breiman1996,
  author = 	 {Breiman, Leo},
  title = 	 {Baggin predictors},
  journaltitle = {Machine Learning},
  year = 	 1996,
  volume = 	 24,
  issue = 	 2,
  pages = 	 {123-140},
  doi = 	 {10.1007/bf00058655}}

@Article{bretz2010,
  author = 	 {Bretz, Frank and Dette, Holger and Pinheiro, José},
  title = 	 {Practical considerations for optimal designs in clinical dose finding studies},
  journaltitle = {Statistics in Medicine},
  year = 	 2010,
  volume = 	 29,
  issue = 	 {7-8},
  pages = 	 {731-742},
  doi = 	 {10.1002/sim.3802}}

@Article{heinze2002,
  author = 	 {Heinze, Georg and Schemper, Michael},
  title = 	 {A solution to the problem of separation in logistic regression},
  journaltitle = {Statistics in Medicine},
  year = 	 2002,
  volume = 	 21,
  issue = 	 16,
  pages = 	 {2409-2419},
  doi = 	 {10.1002/sim.1047}}

@Book{oquigley2017,
  title={Handbook of methods for designing, monitoring, and analyzing dose-finding trials},
  author={O'Quigley, John and Iasonos, Alexia and Bornkamp, Björn},
  year=2017,
  publisher={CRC Press},
  doi = {10.1201/9781315151984}}

@Article{pinheiro2006,
  author = {Pinheiro, José and Bornkamp, Björn and Bretz, Frank},
  title = {Design and Analysis of Dose Finding Studies Combining Multiple Comparisons and Modeling Procedures},
  year = 2006,
  volume = 16,
  pages = {639-656},
  journaltitle = {Journal of Biopharmaceutical Statistics},
  doi = {10.1080/10543400600860428}}

@Article{pinheiro2014,
  author = {Pinheiro, José and Bornkamp, Björn and Glimm, Ekkehard and Bretz, Frank},
  title = {Model-based dose finding under model uncertainty using general parametric models},
  year = 2014,
  volume = 33,
  pages = {1646-1661},
  journaltitle = {Statistics in Medicine},
  doi = {10.1002/sim.6052}}

@Article{schorning2016,
  author = 	 {Schorning, Kirsten and Bornkamp, Björn and Bretz, Frank and Holger Dette},
  title = 	 {Model  selection  versus  model averaging in dose finding studies},
  journaltitle = {Statistics in Medicine},
  year = 	 2016,
  volume = 	 35,
  issue = 	 22,
  pages = 	 {4021-4040},
  doi = 	 {10.1002/sim.6991}}

@Article{thomas2014,
  author = 	 {Thomas, Neal and Sweeney, Kevin and Somayaji, Veena},
  title = 	 {Meta-analysis of clinical dose response in a large drug development portfolio},
  journaltitle = {Statistics in Biopharmaceutical Research},
  year = 	 2015,
  volume = 	 6,
  issue = 	 4,
  pages = 	 {302-217},
  doi = 	 {10.1080/19466315.2014.924876}}

@Article{thomas2017,
  author = 	 {Thomas, Neal and Roy, Dooti},
  title = 	 {Analysis of Clinical Dose–Response in Small-Molecule Drug Development: 2009–2014},
  journaltitle = {Statistics in Biopharmaceutical Research},
  year = 	 2017,
  volume = 	 9,
  issue = 	 2,
  pages = 	 {137-146},
  doi = 	 {10.1080/19466315.2016.1256229}}

@Article{verkindre2010,
  author = 	 { Verkindre, C. and  Fukuchi, Y. and  Flémale, A. and  Takeda, A. and  Overend, T. and  Prasad, N. and  Dolker, M.},
  title = 	 {Sustained 24-h efficacy of NVA237, a once-daily long-acting muscarinic antagonist, in COPD patients},
  journaltitle = {Respiratory Medicine},
  year = 	 2010,
  volume = 	 104,
  issue = 	 10,
  pages = 	 {1482-1489},
  doi = 	 {10.1016/j.rmed.2010.04.006}}

@misc{bornkamp2024,
      title={Futility analyses for the MCP-Mod methodology based on longitudinal models}, 
      author={Björn Bornkamp and Jie Zhou and Dong Xi and Weihua Cao},
      year={2024},
      eprint={2406.19965},
      archivePrefix={arXiv},
      primaryClass={stat.ME},
      url={https://arxiv.org/abs/2406.19965}
}