@book{atkinson2007,
  author = {Atkinson, AC and Donev, AN and Tobias, RD},
  title = {Optimum Experimental Designs, with SAS},
  publisher = {Oxford University Press},
  year = {2007}
}

@Article{bays2020,
  author = 	 {Bays, Harold E and Kozlovski, Plamen and Shao, Qing and Proot, Pieter and Keefe, Deborah},
  title = 	 {Licogliflozin, a Novel SGLT1 and 2 Inhibitor: Body Weight Effects in a Randomized Trial in Adults with Overweight or Obesity},
  journal = {Obesity},
  year = 	 2020,
  volume = 	 28,
  issue = 	 5,
  doi = 	 {10.1002/oby.22764},
  pages = 	 {870-881}}

@book{bernardo1994,
  title={Bayesian theory},
  author={Bernardo, Jos{\'e} M and Smith, Adrian FM and Berliner, Mark},
  volume={586},
  year={1994},
  publisher={Wiley Online Library}
}

@article{biesheuvel2002,
  title={Many-to-one comparisons in stratified designs},
  author={Biesheuvel, Egbert and Hothorn, Ludwig A},
  journal={Biometrical Journal},
  volume={44},
  number={1},
  pages={101--116},
  year={2002},
  doi = {10.1002/1521-4036(200201)44:13.0.CO;2-H},
  publisher={Wiley Online Library}
}

@Article{bornkamp2007,
  author = {Bornkamp, Björn and Bretz, Frank and Dmitrienko, Alex and Enas, Greg and Gaydos, Brenda and Hsu, Chyi-Hung and König, Franz and Krams, Michael and Liu, Qing and Neuenschwander, Beat and Parke, Tom and Pinheiro, José and Roy, Amit and Sax, Rick and Shen, Frank},
  title = 	 {Innovative approaches for designing and analyzing adaptive dose-ranging trials},
  journal = {Journal of Biopharmaceutical Statistics},
  year = 	 2007,
  volume = 	 17,
  issue = 	 6,
  doi = 	 {10.1080/10543400701643848},
  pages = 	 {965-995}}

@article{bornkamp2009,
  title={MCPMod: An R package for the design and analysis of dose-finding studies},
  author={Bornkamp, Bj{\"o}rn and Pinheiro, Jos{\'e} and Bretz, Frank},
  journal={Journal of Statistical Software},
  volume={29},
  pages={1--23},
  doi={10.18637/jss.v029.i07},
  year={2009}
}

@article{bornkamp2011,
  title={Response-adaptive dose-finding under model uncertainty},
  author={Bornkamp, Bj{\"o}rn and Bretz, Frank and Dette, Holger and Pinheiro, Jos{\'e}},
  journal={The Annals of Applied Statistics},
  pages={1611--1631},
  year={2011},
  doi={10.1214/10-AOAS445},
  publisher={JSTOR}
}

@misc{bornkamp2024,
      title={Futility analyses for the MCP-Mod methodology based on longitudinal models}, 
      author={Björn Bornkamp and Jie Zhou and Dong Xi and Weihua Cao},
      year={2024},
      eprint={2406.19965},
      archivePrefix={arXiv},
      primaryClass={stat.ME},
      url={https://arxiv.org/abs/2406.19965}
}

@Article{breiman1996,
  author = 	 {Breiman, Leo},
  title = 	 {Baggin predictors},
  journal = {Machine Learning},
  year = 	 1996,
  volume = 	 24,
  issue = 	 2,
  pages = 	 {123-140},
  doi = 	 {10.1007/bf00058655}}

@article{bretz2005,
  title={Combining multiple comparisons and modeling techniques in dose-response studies},
  author={Bretz, Frank and Pinheiro, Jos{\'e} C and Branson, Michael},
  journal={Biometrics},
  volume={61},
  number={3},
  pages={738--748},
  year={2005},
  doi = {10.1111/j.1541-0420.2005.00344.x},
  publisher={Wiley Online Library}
}

@Article{bretz2010,
  author = 	 {Bretz, Frank and Dette, Holger and Pinheiro, José},
  title = 	 {Practical considerations for optimal designs in clinical dose finding studies},
  journal = {Statistics in Medicine},
  year = 	 2010,
  volume = 	 29,
  issue = 	 {7-8},
  pages = 	 {731-742},
  doi = 	 {10.1002/sim.3802}}

@article{buckland1997,
  title={Model selection: an integral part of inference},
  author={Buckland, Steven T and Burnham, Kenneth P and Augustin, Nicole H},
  journal={Biometrics},
  pages={603--618},
  year={1997},
  doi={10.2307/2533961},
  publisher={JSTOR}
}

@article{dette2008,
  title={Optimal designs for dose-finding studies},
  author={Dette, Holger and Bretz, Frank and Pepelyshev, Andrey and Pinheiro, Jose},
  journal={Journal of the American Statistical Association},
  volume={103},
  number={483},
  pages={1225--1237},
  year={2008},
  doi={10.1198/016214508000000427},
  publisher={Taylor \& Francis}
}

@Article{fleischer2022,
  title={Bayesian MCPMod},
  author={Fleischer, Frank and Bossert, Sebastian and Deng, Qiqi and Loley, Christina and Gierse, Jana},
  journal={Pharmaceutical Statistics},
  volume={21},
  number={3},
  pages={654--670},
  doi={10.1002/pst.2193},
  year={2022},
  publisher={Wiley}
}

@Article{heinze2002,
  author = 	 {Heinze, Georg and Schemper, Michael},
  title = 	 {A solution to the problem of separation in logistic regression},
  journal = {Statistics in Medicine},
  year = 	 2002,
  volume = 	 21,
  issue = 	 16,
  pages = 	 {2409-2419},
  doi = 	 {10.1002/sim.1047}}

@article{hothorn2008,
  title={Simultaneous inference in general parametric models},
  author={Hothorn, Torsten and Bretz, Frank and Westfall, Peter},
  journal={Biometrical Journal},
  volume={50},
  number={3},
  pages={346--363},
  year={2008},
  doi={10.1002/bimj.200810425},
  publisher={Wiley Online Library}
}

@incollection{macdougall2006,
  title={Analysis of dose--response studies—Emax model},
  author={MacDougall, James},
  booktitle={Dose Finding in Drug Development},
  pages={127--145},
  year={2006},
  publisher={Springer}
}

@Article{neal2003,
  title={Slice sampling},
  author={Neal, Radford M},
  journal={The Annals of Statistics},
  volume={31},
  number={3},
  pages={705--767},
  year={2003},
  doi={10.1214/aos/1056562461},
  publisher={Institute of Mathematical Statistics}
}
  
@incollection{oquigley2017,
  title={Part III: Phase II Dose-Finding Trials},
  booktitle={Handbook of Methods for Designing, Monitoring, and Analyzing Dose-finding Trials},
  author={O'Quigley, John and Iasonos, Alexia and Bornkamp, Bj{\"o}rn},
  year={2017},
  publisher={CRC press}
}

@Book{oquigley2017b,
  title={Handbook of methods for designing, monitoring, and analyzing dose-finding trials},
  author={O'Quigley, John and Iasonos, Alexia and Bornkamp, Björn},
  year=2017,
  publisher={CRC Press},
  doi = {10.1201/9781315151984}}

@incollection{pinheiro2006,
  title={Analysis of dose--response studies—modeling approaches},
  author={Pinheiro, Jos{\'e} C and Bretz, Frank and Branson, Michael},
  booktitle={Dose Finding in Drug Development},
  pages={146--171},
  year={2006},
  publisher={Springer}
}

@Article{pinheiro2006b,
  author = {Pinheiro, José and Bornkamp, Björn and Bretz, Frank},
  title = {Design and Analysis of Dose Finding Studies Combining Multiple Comparisons and Modeling Procedures},
  year = 2006,
  volume = 16,
  pages = {639-656},
  journal = {Journal of Biopharmaceutical Statistics},
  doi = {10.1080/10543400600860428}}

@Article{pinheiro2014,
  author = {Pinheiro, José and Bornkamp, Björn and Glimm, Ekkehard and Bretz, Frank},
  title = {Model-based dose finding under model uncertainty using general parametric models},
  year = 2014,
  volume = 33,
  pages = {1646-1661},
  journal = {Statistics in Medicine},
  doi = {10.1002/sim.6052}}

@incollection{pinheiro2017,
  title={Designing phase II dose-finding studies: sample size, doses, and dose allocation weights},
  author={Pinheiro, Jos{\'e} and Bornkamp, Bj{\"o}rn},
  booktitle={Handbook of Methods for Designing, Monitoring, and Analyzing Dose-Finding Trials},
  pages={229--246},
  year={2017},
  publisher={Chapman and Hall/CRC}
}

@book{pukelsheim1993,
  author = {Pukelsheim, Friedrich},
  title = {Optimal Design of Experiments},
  publisher = {Wiley},
  year = {1993}
}

@Article{schorning2016,
  author = 	 {Schorning, Kirsten and Bornkamp, Björn and Bretz, Frank and Holger Dette},
  title = 	 {Model  selection  versus  model averaging in dose finding studies},
  journal = {Statistics in Medicine},
  year = 	 2016,
  volume = 	 35,
  issue = 	 22,
  pages = 	 {4021-4040},
  doi = 	 {10.1002/sim.6991}}

@book{seber2003,
  title={Nonlinear Regression},
  author={Seber, George AF and Wild, CJ},
  year={2003},
  publisher={Wiley}
}

@Article{thomas2014,
  author = 	 {Thomas, Neal and Sweeney, Kevin and Somayaji, Veena},
  title = 	 {Meta-analysis of clinical dose response in a large drug development portfolio},
  journal = {Statistics in Biopharmaceutical Research},
  year = 	 2015,
  volume = 	 6,
  issue = 	 4,
  pages = 	 {302-217},
  doi = 	 {10.1080/19466315.2014.924876}}
  
@Article{thomas2017,
  author = 	 {Thomas, Neal and Roy, Dooti},
  title = 	 {Analysis of Clinical Dose–Response in Small-Molecule Drug Development: 2009–2014},
  journal = {Statistics in Biopharmaceutical Research},
  year = 	 2017,
  volume = 	 9,
  issue = 	 2,
  pages = 	 {137-146},
  doi = 	 {10.1080/19466315.2016.1256229}}

@Article{verkindre2010,
  author = 	 { Verkindre, C. and  Fukuchi, Y. and  Flémale, A. and  Takeda, A. and  Overend, T. and  Prasad, N. and  Dolker, M.},
  title = 	 {Sustained 24-h efficacy of NVA237, a once-daily long-acting muscarinic antagonist, in COPD patients},
  journal = {Respiratory Medicine},
  year = 	 2010,
  volume = 	 104,
  issue = 	 10,
  pages = 	 {1482-1489},
  doi = 	 {10.1016/j.rmed.2010.04.006}}
  
@incollection{xun2017,
  title={The MCP-Mod methodology: Practical considerations and the DoseFinding R package},
  author={Xun, Xiaolei and Bretz, Frank},
  booktitle={Handbook of Methods for Designing, Monitoring, and Analyzing Dose-Finding Trials},
  pages={205--227},
  year={2017},
  publisher={Chapman and Hall/CRC}
}
